@TechReport{bipm-jcgm:2012:VIM,
  author = 	 {{Bureau International des Poids et Mesures} and {Joint Committee for Guides in Metrology}}, 
  title = {Basic and general concepts and associated terms (VIM) (3rd ed.).},
  institution = {BIPM, JCGM},
  year = {2012},
  note = {Version 2008 with minor corrections}
}

@book{NPL-book,
  author         = {National Physical Laboratory},
  publisher      = {NPL},
  title          = {A to Z of Measurement},
  year           = {2019}
}

@article{Physical_Quantities-AFP,
  author  = {Simon Foster and Burkhart Wolff},
  title   = {A Sound Type System for Physical Quantities, Units, and Measurements},
  journal = {Archive of Formal Proofs},
  month   = {October},
  year    = {2020},
  note    = {\url{https://isa-afp.org/entries/Physical_Quantities.html},
            Formal proof development},
  ISSN    = {2150-914x},
}

%G HUBCAP TOOL OVERTURE
@INPROCEEDINGS{Kulik&20,
  KEY           = "Kulik\&20",
  AUTHOR        = "Tomas Kulik and Hugo Daniel Macedo and Prasad Talasila and Peter Gorm Larsen",
  EDITOR        = "John S Fitzgerald and Tomohiro Oda and Hugo Daniel Macedo",
  TITLE         =  "{Modelling the HUBCAP Sandbox Architecture In VDM -- a Study In Security}",
  BOOKTITLE     = "Proceedings of the 18th International Overture Workshop",
  ORGANIZATION  = "Overture",
  PUBLISHER     = "",
  YEAR          = "2020",
  MONTH         = "December",
  PAGES         = "20--34",
  ANNOTE        = "",
  COMMENT       = ""}

%G SECURITY FORMAL DIT4CPS
@misc{Kulik&21,
      title={A Survey of Practical Formal Methods for Security}, 
      author={Tomas Kulik and Brijesh Dongol and Peter Gorm Larsen and Hugo Daniel Macedo and Steve Schneider and Peter Würtz Vinther Tran-Jørgensen and Jim Woodcock},
      year={2021},
      eprint={2109.01362},
      archivePrefix={arXiv},
      primaryClass={cs.FL},
      NOTE = "arXiv:2109.01362"
}

% G OVERTURE
@inproceedings{Kulik&21a,
  AUTHOR       = {Tomas Kulik and Prasad Talasila and Pietro Greco and Giuseppe Veneziano and Angelo Marguglio and Lorenzo Franco Sutton and Peter Gorm Larsen and Hugo Daniel Macedo},
  BOOKTITLE    = {Proceedings of the 19th International Overture Workshop},
  EDITOR       = {Hugo Daniel Macedo and Casper Thule and Ken Pierce},
  KEY          = {Kulik\&21},
  MONTH        = {10},
  ORGANIZATION = {Overture},
  TITLE        = {Extending the Formal Security Analysis of the HUBCAP sandbox},
  YEAR         = {2021}
}

%G OVERTURE VDM APPLI
@INPROCEEDINGS{Nilsson&18,
  AUTHOR        = "Ren\'e Nilsson and Kenneth Lausdahl and Hugo D. Macedo and Peter Gorm
Larsen",
  EDITOR        = "Ken Pierce and Marcel Verhoef",
  TITLE         = "{Transforming an industrial case study from VDM++ to VDM-SL}",
  BOOKTITLE     = "The 16th Overture Workshop",
  ORGANIZATION  = "Newcastle University, School of Computing",
  ADDRESS       = "Oxford",
  YEAR          = "2018",
  MONTH         = "July",
  PAGES         = "107--122",
  NOTE          = "{TR-1524}",
  ANNOTE        = "",
  COMMENT       = ""}

%G VDM VDM++ APPLI VDMRT
@INPROCEEDINGS{Macedo&08,
  KEY           = "Macedo\&08",
  AUTHOR        = "Hugo Daniel Macedo and Peter Gorm Larsen and John Fitzgerald ",
  TITLE         = "{Incremental Development of a Distributed Real-Time Model
                    of a Cardiac Pacing System using VDM}",
  BOOKTITLE     = "FM 2008: Formal Methods, 15th International Symposium on Formal Methods",
  EDITOR        = "Jorge Cuellar and Tom Maibaum and Kaisa Sere",
  YEAR          = "2008",
  PUBLISHER     = "Springer-Verlag",
  SERIES        = "Lecture Notes in Computer Science",
  VOLUME        = "5014",
  PAGES         = "181--197",
  COMMENT       = ""}

  %G VDM TOOL
@TECHREPORT{Battle09,
  KEY           = "Battle09",
  AUTHOR        = "Nick Battle",
  TITLE         = "{VDMJ User Guide}",
  INSTITUTION   = "Fujitsu Services Ltd.",
  ADDRESS       = "UK",
  YEAR          = "2009",
  ANNOTE        = "",
  COMMENT       = "Electronic copy available PGL"}
