@misc{VDMJ,
	author = {Nick Battle},
	title = {{VDMJ Compiler for VDM}},
	year = {2024},
	month = {Feb},
	howpublished = {\url{https://github.com/nickbattle/vdmj}},
}

@misc{VDMToolkit,
	author = {Leo Freitas},
	title = {{VDM Toolkit}},
	year = {2024},
	howpublished = {\url{https://github.com/leouk/VDM_Toolkit}},
}

@inproceedings{why3,
  TITLE = {{Why3: Shepherd Your Herd of Provers}},
  AUTHOR = {Bobot, Fran{\c c}ois and Filli{\^a}tre, Jean-Christophe and March{\'e}, Claude and Paskevich, Andrei},
  URL = {https://inria.hal.science/hal-00790310},
  BOOKTITLE = {{Boogie 2011: First International Workshop on Intermediate Verification Languages}},
  ADDRESS = {Wroclaw, Poland},
  PAGES = {53-64},
  YEAR = {2011},
  PDF = {https://inria.hal.science/hal-00790310/file/main.pdf},
  HAL_ID = {hal-00790310},
  HAL_VERSION = {v1},
}

@misc{DfyRef,
	author = {{Dafny-lang Community}},
	title = {Dafny Reference Manual},
	year = {2024},
	howpublished = {\url{https://dafny.org/latest/DafnyRef/DafnyRef}},
}

@inproceedings{VDMLangMan,
  title={{VDM-10 Language Manual}},
  author={Peter Gorm Larsen and Kenneth Guldbrandt Lausdahl and Nick Battle},
  year={2010},
  url={https://raw.githubusercontent.com/overturetool/documentation/editing/documentation/VDM10LangMan/VDM10_lang_man.pdf}
}

@inproceedings{VDMMiniMaxExcerpt,
  title={{VDM-10 Language Manual, pg. 35}},
  author={Peter Gorm Larsen and Kenneth Guldbrandt Lausdahl and Nick Battle},
  year={2022},
  url={https://raw.githubusercontent.com/overturetool/documentation/editing/documentation/VDM10LangMan/VDM10_lang_man.pdf},
}

@inproceedings{VDMJPluginWriters,
  title={VDMJ LSP Plugin Writer's Guide},
  author={Nick Battle},
  year={2024},
  url={https://github.com/nickbattle/vdmj/blob/master/lsp/documentation/PluginWritersGuide.pdf}
}

@inproceedings{VDMJUserGuide,
  title={VDMJ Tool Support: User Guide},
  author={Nick Battle},
  year={2023},
  month={Dec},
  url={https://github.com/nickbattle/vdmj/blob/master/vdmj/documentation/UserGuide.pdf}
}

@book{ProgramProofs,
	author = {K. Rustan M. Leino},
	title = {Program Proofs},
	year = {2023},
    month = {Mar},
    publisher = {{The MIT Press}}
}

@misc{DfyGrammar,
	author = {{Dafny-lang Community}},
	title = {Dafny Reference Manual},
	year = {2024},
	howpublished = {\url{https://dafny.org/latest/DafnyRef/DafnyRef}},
    note = {Chapter 17},
}
